@ARTICLE{buttiglione2010,
   author = {{Buttiglione}, S. and {Capetti}, A. and {Celotti}, A. and {Axon}, D.~J. and 
	{Chiaberge}, M. and {Macchetto}, F.~D. and {Sparks}, W.~B.},
    title = "{An optical spectroscopic survey of the 3CR sample of radio galaxies with $z < 0.3$. II. Spectroscopic classes and accretion modes in radio-loud AGN}",
  journal = {Astronomy \& Astrophysics},
archivePrefix = "arXiv",
   eprint = {0911.0536},
 keywords = {galaxies: active, galaxies: jets, galaxies: elliptical and lenticular, cD},
     year = 2010,
    month = jan,
   volume = 509,
      eid = {A6},
    pages = {A6},
      doi = {10.1051/0004-6361/200913290},
   adsurl = {http://adsabs.harvard.edu/abs/2010A%26A...509A...6B},
  adsnote = {Provided by the SAO/NASA Astrophysics Data System}
}

@ARTICLE{blandford1974,
   author = {{Blandford}, R.~D. and {Rees}, M.~J.},
    title = "{A 'twin-exhaust' model for double radio sources}",
  journal = {Monthly Notices of the Royal Astronomical Society},
 keywords = {Astronomical Models, Plasma Generators, Radio Sources (Astronomy), Relativistic Plasmas, Active Galactic Nuclei, Channel Flow, Cosmic Plasma, Cygnus Constellation, Equilibrium Flow, High Temperature Plasmas, Magnetohydrodynamic Flow, Supersonic Flow},
     year = 1974,
    month = dec,
   volume = 169,
    pages = {395-415},
      doi = {10.1093/mnras/169.3.395},
   adsurl = {http://adsabs.harvard.edu/abs/1974MNRAS.169..395B},
  adsnote = {Provided by the SAO/NASA Astrophysics Data System}
}

@ARTICLE{fanaroff1974,
   author = {{Fanaroff}, B.~L. and {Riley}, J.~M.},
    title = "{The morphology of extragalactic radio sources of high and low luminosity}",
  journal = {Monthly Notices of the Royal Astronomical Society},
     year = 1974,
    month = may,
   volume = 167,
    pages = {31P-36P},
      doi = {10.1093/mnras/167.1.31P},
   adsurl = {http://adsabs.harvard.edu/abs/1974MNRAS.167P..31F},
  adsnote = {Provided by the SAO/NASA Astrophysics Data System}
}

@article{lim2000,
   author = {{Lim}, J. and {Leon}, S. and {Combes}, F. and {Dinh-V-Trung}},
    title = "{Molecular gas in the powerful radio galaxies 3C 31 and 3C 264: major or minor mergers?}",
  journal = {The Astrophysical Journal, Letters},
 keywords = {Galaxies: Active, Galaxies: Elliptical and Lenticular, cD, Galaxies: Evolution, Galaxies: Individual: Alphanumeric: 3C 31, Galaxies: Individual: Alphanumeric: 3C 264, Galaxies: Interactions},
     year = 2000, 
    month = dec,
   volume = 545,
    pages = {L93-L97},
      doi = {10.1086/317885},
   adsurl = {http://adsabs.harvard.edu/abs/2000ApJ...545L..93L},
  adsnote = {Provided by the SAO/NASA Astrophysics Data System}
}

@BOOK{kembhavi1999,
   author = {{Kembhavi}, A.~K. and {Narlikar}, J.~V.},
    title = "{Quasars and active galactic nuclei : an introduction}",
booktitle = {Quasars and active galactic nuclei : an introduction /Ajit K.~Kembhavi, Jayant V.~Narlikar.~Cambridge, U.K.~: Cambridge University Press, c1999.~ ISBN 0521474779.},
publisher = {Cambridge University Press, Cambridge},
     year = 1999,
    month = mar,
   adsurl = {http://adsabs.harvard.edu/abs/1999qagn.book.....K},
  adsnote = {Provided by the SAO/NASA Astrophysics Data System}
}

@article{fromerth2001,
  author={Michael J. Fromerth and Fulvio Melia},
  title={The Formation of Broad-Line Clouds in the Accretion Shocks of Active Galactic Nuclei},
  journal={The Astrophysical Journal},
  volume={549},
  number={1},
  pages={205},
  url={http://stacks.iop.org/0004-637X/549/i=1/a=205},
  year={2001}
}

@PROCEEDINGS{synthesis1999,
    title = "{Synthesis Imaging in Radio Astronomy II}",
booktitle = {Synthesis Imaging in Radio Astronomy II},
     year = 1999,
   series = {Astronomical Society of the Pacific Conference Series},
   volume = 180,
   editor = {{Taylor}, G.~B. and {Carilli}, C.~L. and {Perley}, R.~A.},
   adsurl = {http://adsabs.harvard.edu/abs/1999ASPC..180.....T},
  adsnote = {Provided by the SAO/NASA Astrophysics Data System}
}

@ARTICLE{gaosolomon2004,
   author = {{Gao}, Y. and {Solomon}, P.~M.},
    title = "{The star formation rate and dense molecular gas in galaxies}",
  journal = {The Astrophysical Journal},
   eprint = {astro-ph/0310339},
 keywords = {Galaxies: ISM, Galaxies: Starburst, Infrared: Galaxies, ISM: Molecules, Radio Lines: Galaxies},
     year = 2004,
    month = may,
   volume = 606,
    pages = {271-290},
      doi = {10.1086/382999},
   adsurl = {http://adsabs.harvard.edu/abs/2004ApJ...606..271G},
  adsnote = {Provided by the SAO/NASA Astrophysics Data System}
}

@article{oteo2016,
  author={I. Oteo and M. A. Zwaan and R. J. Ivison and I. Smail and A. D. Biggs},
  title={ALMACAL I: First Dual-band Number Counts from a Deep and Wide ALMA Submillimeter Survey, Free from Cosmic Variance},
  journal={The Astrophysical Journal},
  volume={822},
  number={1},
  pages={36},
  url={http://stacks.iop.org/0004-637X/822/i=1/a=36},
  year={2016}
}

@article{oteo2017,
  author={I. Oteo and M. A. Zwaan and R. J. Ivison and I. Smail and A. D. Biggs},
  title={ALMACAL II: Extreme Star Formation Rate Densities in Dusty Starbursts Revealed by ALMA 20 mas Resolution Imaging},
  journal={The Astrophysical Journal},
  volume={837},
  number={2},
  pages={182},
  url={http://stacks.iop.org/0004-637X/837/i=2/a=182},
  year={2017}
}

@Article{israel1998,
  author="Israel, F.P.",
  title="Centaurus {A} -- {NGC} 5128",
  journal="The Astronomy and Astrophysics Review",
  year="1998",
  month="Aug",
  day="01",
  volume="8",
  number="4",
  pages="237--278",
  issn="1432-0754",
  doi="10.1007/s001590050011",
  url="https://doi.org/10.1007/s001590050011"
  }

@ARTICLE{hogbom1974,
   author = {{H{\"o}gbom}, J.~A.},
    title = "{Aperture Synthesis with a Non-Regular Distribution of Interferometer Baselines}",
  journal = {Astronomy \& Astrophysics, Supplement},
     year = 1974,
    month = jun,
   volume = 15,
    pages = {417},
   adsurl = {http://adsabs.harvard.edu/abs/1974A%26AS...15..417H},
  adsnote = {Provided by the SAO/NASA Astrophysics Data System}
}

@ARTICLE{leon2016,
   author = {{Leon}, S. and {Cortes}, P.~C. and {Guerard}, M. and {Villard}, E. and 
  {Hidayat}, T. and {Oca{\~n}a Flaquer}, B. and {Vila-Vilaro}, B.
  },
    title = "{Anatomy of a blazar in the (sub-)millimeter: ALMA observations of PKS 0521-365}",
  journal = {Astronomy \& Astrophysics},
archivePrefix = "arXiv",
   eprint = {1510.07536},
 keywords = {galaxies: jets, galaxies: ISM, galaxies: active, BL Lacertae objects: individual: PKS 0521-365},
     year = 2016,
    month = feb,
   volume = 586,
      eid = {A70},
    pages = {A70},
      doi = {10.1051/0004-6361/201527146},
   adsurl = {http://adsabs.harvard.edu/abs/2016A%26A...586A..70L},
  adsnote = {Provided by the SAO/NASA Astrophysics Data System}
}

@article{merloni2007,
  author = {Merloni, Andrea and Heinz, Sebastian},
  title = {Measuring the kinetic power of active galactic nuclei in the radio mode},
  journal = {Monthly Notices of the Royal Astronomical Society},
  volume = {381},
  number = {2},
  pages = {589-601},
  year = {2007},
  doi = {10.1111/j.1365-2966.2007.12253.x},
  URL = { + http://dx.doi.org/10.1111/j.1365-2966.2007.12253.x},
  eprint = {/oup/backfile/content_public/journal/mnras/381/2/10.1111_j.1365-2966.2007.12253.x/1/mnras0381-0589.pdf}
}

@article{merloni2008,
  author = {Merloni, Andrea and Heinz, Sebastian},
  title = {A synthesis model for {AGN} evolution: supermassive black holes growth and feedback modes},
  journal = {Monthly Notices of the Royal Astronomical Society},
  volume = {388},
  number = {3},
  pages = {1011-1030},
  year = {2008},
  doi = {10.1111/j.1365-2966.2008.13472.x},
  URL = { + http://dx.doi.org/10.1111/j.1365-2966.2008.13472.x},
  eprint = {/oup/backfile/content_public/journal/mnras/388/3/10.1111/j.1365-2966.2008.13472.x/2/mnras0388-1011.pdf}
}

@Article{miley2008,
  author="Miley, George
  and De Breuck, Carlos",
  title="Distant radio galaxies and their environments",
  journal="The Astronomy and Astrophysics Review",
  year="2008",
  month="Feb",
  day="01",
  volume="15",
  number="2",
  pages="67--144",
  issn="1432-0754",
  doi="10.1007/s00159-007-0008-z",
  url="https://doi.org/10.1007/s00159-007-0008-z"
}

@ARTICLE{moderski1998,
   author = {{Moderski}, R. and {Sikora}, M. and {Lasota}, J.-P.},
    title = "{On the spin paradigm and the radio dichotomy of quasars}",
  journal = {Monthly Notices of the Royal Astronomical Society},
   eprint = {astro-ph/9804140},
 keywords = {ACCRETION, ACCRETION DISCS, BLACK HOLE PHYSICS, GALAXIES: ACTIVE, GALAXIES: EVOLUTION, QUASARS: GENERAL},
     year = 1998,
    month = nov,
   volume = 301,
    pages = {142-148},
      doi = {10.1046/j.1365-8711.1998.02009.x},
   adsurl = {http://adsabs.harvard.edu/abs/1998MNRAS.301..142M},
  adsnote = {Provided by the SAO/NASA Astrophysics Data System}
}

@ARTICLE{omont1996,
   author = {{Omont}, A. and {Petitjean}, P. and {Guilloteau}, S. and {McMahon}, R.~G. and 
  {Solomon}, P.~M. and {P{\'e}contal}, E.},
    title = "{Molecular gas and dust around a radio-quiet quasar at redshift 4.69}",
  journal = {Nature},
   eprint = {astro-ph/9608006},
     year = 1996,
    month = aug,
   volume = 382,
    pages = {428-431},
      doi = {10.1038/382428a0},
   adsurl = {http://adsabs.harvard.edu/abs/1996Natur.382..428O},
  adsnote = {Provided by the SAO/NASA Astrophysics Data System}
}

@ARTICLE{scheuer1974,
   author = {{Scheuer}, P.~A.~G.},
    title = "{Models of extragalactic radio sources with a continuous energy supply from a central object}",
  journal = {Monthly Notices of the Royal Astronomical Society},
     year = 1974,
    month = mar,
   volume = 166,
    pages = {513-528},
      doi = {10.1093/mnras/166.3.513},
   adsurl = {http://adsabs.harvard.edu/abs/1974MNRAS.166..513S},
  adsnote = {Provided by the SAO/NASA Astrophysics Data System}
}

@article{sikora1997,
  author = {Marek Sikora},
  title = {Radiation processes in blazars},
  journal = {AIP Conference Proceedings},
  volume = {410},
  number = {1},
  pages = {494-505},
  year = {1997},
  doi = {10.1063/1.54010},
  URL = { http://aip.scitation.org/doi/abs/10.1063/1.54010},
  eprint = {http://aip.scitation.org/doi/pdf/10.1063/1.54010}
}

@BOOK{tools2013,
   author = {{Wilson}, T.~L. and {Rohlfs}, K. and {H{\"u}ttemeister}, S.},
    title = "{Tools of Radio Astronomy}",
 keywords = {Physics},
booktitle = {Tools of Radio Astronomy; Astronomy and Astrophysics Library.~ISBN 978-3-642-39949-7.~Springer-Verlag Berlin Heidelberg, 2013},
     year = 2013,
      doi = {10.1007/978-3-642-39950-3},
   adsurl = {http://adsabs.harvard.edu/abs/2013tra..book.....W},
  adsnote = {Provided by the SAO/NASA Astrophysics Data System}
}

@BOOK{netzer2013,
   author = {{Netzer}, H.},
    title = "{The Physics and Evolution of Active Galactic Nuclei}",
booktitle = {The Physics and Evolution of Active Galactic Nuclei, by Hagai Netzer, Cambridge, UK: Cambridge University Press, 2013},
publisher = {Cambridge University Press, Cambridge},
  address = {Cambridge},
     year = 2013,
    month = nov,
   adsurl = {http://adsabs.harvard.edu/abs/2013peag.book.....N},
  adsnote = {Provided by the SAO/NASA Astrophysics Data System}
}


@ARTICLE{ontiveros2011,
   author = {{Fern{\'a}ndez-Ontiveros}, J.~A. and {L{\'o}pez-Sanjuan}, C. and 
  {Montes}, M. and {Prieto}, M.~A. and {Acosta-Pulido}, J.~A.},
    title = "{The most recent burst of star formation in the massive elliptical galaxy NGC 1052}",
  journal = {Monthly Notices of the Royal Astronomical Society},
archivePrefix = "arXiv",
   eprint = {1011.2498},
 keywords = {techniques: high angular resolution, galaxies: individual: NGC 1052, galaxies: interactions, galaxies: nuclei, galaxies: star clusters: general},
     year = 2011,
    month = feb,
   volume = 411,
    pages = {L21-L25},
      doi = {10.1111/j.1745-3933.2010.00985.x},
   adsurl = {http://adsabs.harvard.edu/abs/2011MNRAS.411L..21F},
  adsnote = {Provided by the SAO/NASA Astrophysics Data System}
}


@ARTICLE{kellermann1989,
   author = {{Kellermann}, K.~I. and {Sramek}, R. and {Schmidt}, M. and {Shaffer}, D.~B. and 
  {Green}, R.},
    title = "{VLA observations of objects in the Palomar Bright Quasar Survey}",
  journal = {The Astronomical Journal},
 keywords = {Astronomical Catalogs, Quasars, Radio Sources (Astronomy), Very Large Array (Vla), Centimeter Waves, Data Sampling, Luminosity, Radiant Flux Density},
     year = 1989,
    month = oct,
   volume = 98,
    pages = {1195-1207},
      doi = {10.1086/115207},
   adsurl = {http://adsabs.harvard.edu/abs/1989AJ.....98.1195K},
  adsnote = {Provided by the SAO/NASA Astrophysics Data System}
}

@ARTICLE{antonucci1993,
   author = {{Antonucci}, R.},
    title = "{Unified models for active galactic nuclei and quasars}",
  journal = {Annual Review of Astronomy \& Astrophysics},
 keywords = {Active Galactic Nuclei, Astronomical Polarimetry, Quasars, Radio Galaxies, Astronomical Spectroscopy, Bl Lacertae Objects, Blazars},
     year = 1993,
   volume = 31,
    pages = {473-521},
      doi = {10.1146/annurev.aa.31.090193.002353},
   adsurl = {http://adsabs.harvard.edu/abs/1993ARA%26A..31..473A},
  adsnote = {Provided by the SAO/NASA Astrophysics Data System}
}

@BOOK{beckmann2012,
   author = {{Beckmann}, V. and {Shrader}, C.~R.},
    title = "{Active Galactic Nuclei}",
booktitle = {Active Galactic Nuclei, ISBN-13: 978-3527410781.~350 pages.~Wiley-VCH Verlag GmbH, 2012},
publisher = {Wiley-VCH Verlag GmbH, Berlin},
     year = 2012,
    month = aug,
   adsurl = {http://adsabs.harvard.edu/abs/2012agn..book.....B},
  adsnote = {Provided by the SAO/NASA Astrophysics Data System}
}

@ARTICLE{heckman2014,
   author = {{Heckman}, T.~M. and {Best}, P.~N.},
    title = "{The Coevolution of Galaxies and Supermassive Black Holes: Insights from Surveys of the Contemporary Universe}",
  journal = {Annual Review of Astronomy \& Astrophysics},
archivePrefix = "arXiv",
   eprint = {1403.4620},
     year = 2014,
    month = aug,
   volume = 52,
    pages = {589-660},
      doi = {10.1146/annurev-astro-081913-035722},
   adsurl = {http://adsabs.harvard.edu/abs/2014ARA%26A..52..589H},
  adsnote = {Provided by the SAO/NASA Astrophysics Data System}
}

@ARTICLE{urry1995,
   author = {{Urry}, C.~M. and {Padovani}, P.},
    title = "{Unified Schemes for Radio-Loud Active Galactic Nuclei}",
  journal = {Publications of the Astronomical Society of the Pacific},
   eprint = {astro-ph/9506063},
 keywords = {GALAXIES: ACTIVE, GALAXIES: FUNDAMENTAL PARAMETERS},
     year = 1995,
    month = sep,
   volume = 107,
    pages = {803},
      doi = {10.1086/133630},
   adsurl = {http://adsabs.harvard.edu/abs/1995PASP..107..803U},
  adsnote = {Provided by the SAO/NASA Astrophysics Data System}
}

@ARTICLE{hopkins2006,
   author = {{Hopkins}, P.~F. and {Hernquist}, L. and {Cox}, T.~J. and {Di Matteo}, T. and 
  {Robertson}, B. and {Springel}, V.},
    title = "{A Unified, Merger-driven Model of the Origin of Starbursts, Quasars, the Cosmic X-Ray Background, Supermassive Black Holes, and Galaxy Spheroids}",
  journal = {The Astrophysical Journal, Supplement},
   eprint = {astro-ph/0506398},
 keywords = {Cosmology: Theory, Galaxies: Active, Galaxies: Evolution, Galaxies: Nuclei, Galaxies: Quasars: General},
     year = 2006,
    month = mar,
   volume = 163,
    pages = {1-49},
      doi = {10.1086/499298},
   adsurl = {http://adsabs.harvard.edu/abs/2006ApJS..163....1H},
  adsnote = {Provided by the SAO/NASA Astrophysics Data System}
}

@ARTICLE{stevens2003,
   author = {{Stevens}, J.~A. and {Ivison}, R.~J. and {Dunlop}, J.~S. and 
  {Smail}, I.~R. and {Percival}, W.~J. and {Hughes}, D.~H. and 
  {R{\"o}ttgering}, H.~J.~A. and {van Breugel}, W.~J.~M. and {Reuland}, M.
  },
    title = "{The formation of cluster elliptical galaxies as revealed by extensive star formation}",
  journal = {Nature},
   eprint = {astro-ph/0309495},
     year = 2003,
    month = sep,
   volume = 425,
    pages = {264-267},
   adsurl = {http://adsabs.harvard.edu/abs/2003Natur.425..264S},
  adsnote = {Provided by the SAO/NASA Astrophysics Data System}
}

@ARTICLE{venemans2007,
   author = {{Venemans}, B.~P. and {R{\"o}ttgering}, H.~J.~A. and {Miley}, G.~K. and 
  {van Breugel}, W.~J.~M. and {de Breuck}, C. and {Kurk}, J.~D. and 
  {Pentericci}, L. and {Stanford}, S.~A. and {Overzier}, R.~A. and 
  {Croft}, S. and {Ford}, H.},
    title = "{Protoclusters associated with $z > 2$ radio galaxies . I. Characteristics of high redshift protoclusters}",
  journal = {Astronomy \& Astrophysics},
   eprint = {astro-ph/0610567},
 keywords = {galaxies: active, galaxies: clusters: general, cosmology: observations, cosmology: early Universe, cosmology: large scale structure of Universe},
     year = 2007,
    month = jan,
   volume = 461,
    pages = {823-845},
      doi = {10.1051/0004-6361:20053941},
   adsurl = {http://adsabs.harvard.edu/abs/2007A%26A...461..823V},
  adsnote = {Provided by the SAO/NASA Astrophysics Data System}
}

@ARTICLE{falder2010,
   author = {{Falder}, J.~T. and {Stevens}, J.~A. and {Jarvis}, M.~J. and {Hardcastle}, M.~J. and {Lacy}, M. and {McLure}, R.~J. and {Hatziminaoglou}, E. and {Page}, M.~J. and {Richards}, G.~T.},
    title = "{The environments of $z \sim 1$ active galactic nuclei at 3.6{$\mu$}m}",
  journal = {Monthly Notices of the Royal Astronomical Society},
archivePrefix = "arXiv",
   eprint = {1001.5419},
 keywords = {galaxies: active, galaxies: clusters: general, galaxies: high-redshift, quasars: general, galaxies: statistics},
     year = 2010,
    month = jun,
   volume = 405,
    pages = {347-358},
      doi = {10.1111/j.1365-2966.2010.16444.x},
   adsurl = {http://adsabs.harvard.edu/abs/2010MNRAS.405..347F},
  adsnote = {Provided by the SAO/NASA Astrophysics Data System}
}

@ARTICLE{galametz2010b,
   author = {{Galametz}, A. and {Vernet}, J. and {De Breuck}, C. and {Hatch}, N.~A. and {Miley}, G.~K. and {Kodama}, T. and {Kurk}, J. and {Overzier}, R.~A. and {Rettura}, A. and {R{\"o}ttgering}, H.~J.~A. and {Seymour}, N. and {Venemans}, B.~P. and {Zirm}, A.~W.},
    title = "{Galaxy protocluster candidates at $1.6 < z \lesssim 2$}",
  journal = {Astronomy \& Astrophysics},
archivePrefix = "arXiv",
   eprint = {1008.1094},
 keywords = {large scale structure of Universe, galaxies: clusters: general, Galaxies: evolution, galaxies: high redshift, galaxies: individual: MRC 1017-220, galaxies: individual: MRC 0156-252},
     year = 2010,
    month = nov,
   volume = 522,
      eid = {A58},
    pages = {A58},
      doi = {10.1051/0004-6361/201015035},
   adsurl = {http://adsabs.harvard.edu/abs/2010A%26A...522A..58G},
  adsnote = {Provided by the SAO/NASA Astrophysics Data System}
}

@ARTICLE{galametz2012,
   author = {{Galametz}, A. and {Stern}, D. and {De Breuck}, C. and {Hatch}, N. and {Mayo}, J. and {Miley}, G. and {Rettura}, A. and {Seymour}, N. and {Stanford}, S.~A. and {Vernet}, J.},
    title = "{The Mid-infrared Environments of High-redshift Radio Galaxies}",
  journal = {The Astrophysical Journal},
archivePrefix = "arXiv",
   eprint = {1202.4489},
 keywords = {galaxies: active, galaxies: clusters: general, galaxies: high-redshift, infrared: galaxies},
     year = 2012,
    month = apr,
   volume = 749,
      eid = {169},
    pages = {169},
      doi = {10.1088/0004-637X/749/2/169},
   adsurl = {http://adsabs.harvard.edu/abs/2012ApJ...749..169G},
  adsnote = {Provided by the SAO/NASA Astrophysics Data System}
}

@ARTICLE{mayo2012,
   author = {{Mayo}, J.~H. and {Vernet}, J. and {De Breuck}, C. and {Galametz}, A. and {Seymour}, N. and {Stern}, D.},
    title = "{Overdensities of 24 {$\mu$}m sources in the vicinities of high-redshift radio galaxies}",
  journal = {Astronomy \& Astrophysics},
archivePrefix = "arXiv",
   eprint = {1202.4490},
 keywords = {large-scale structure of Universe, infrared: galaxies, galaxies: clusters: general, galaxies: evolution, galaxies: formation},
     year = 2012,
    month = mar,
   volume = 539,
      eid = {A33},
    pages = {A33},
      doi = {10.1051/0004-6361/201118254},
   adsurl = {http://adsabs.harvard.edu/abs/2012A%26A...539A..33M},
  adsnote = {Provided by the SAO/NASA Astrophysics Data System}
}

@ARTICLE{archibald2001,
   author = {{Archibald}, E.~N. and {Dunlop}, J.~S. and {Hughes}, D.~H. and 
  {Rawlings}, S. and {Eales}, S.~A. and {Ivison}, R.~J.},
    title = "{A submillimetre survey of the star formation history of radio galaxies}",
  journal = {Monthly Notices of the Royal Astronomical Society},
   eprint = {astro-ph/0002083},
 keywords = {STARS: FORMATION, DUST, EXTINCTION, GALAXIES: ACTIVE, GALAXIES: ELLIPTICAL AND LENTICULAR, CD, GALAXIES: FORMATION, SUBMILLIMETRE},
     year = 2001,
    month = may,
   volume = 323,
    pages = {417-444},
      doi = {10.1046/j.1365-8711.2001.04188.x},
   adsurl = {http://adsabs.harvard.edu/abs/2001MNRAS.323..417A},
  adsnote = {Provided by the SAO/NASA Astrophysics Data System}
}

@ARTICLE{drouart2014,
   author = {{Drouart}, G. and {De Breuck}, C. and {Vernet}, J. and {Seymour}, N. and 
  {Lehnert}, M. and {Barthel}, P. and {Bauer}, F.~E. and {Ibar}, E. and 
  {Galametz}, A. and {Haas}, M. and {Hatch}, N. and {Mullaney}, J.~R. and 
  {Nesvadba}, N. and {Rocca-Volmerange}, B. and {R{\"o}ttgering}, H.~J.~A. and 
  {Stern}, D. and {Wylezalek}, D.},
    title = "{Rapidly growing black holes and host galaxies in the distant Universe from the Herschel Radio Galaxy Evolution Project}",
  journal = {Astronomy \& Astrophysics},
archivePrefix = "arXiv",
   eprint = {1404.1080},
 keywords = {galaxies: active, quasars: general, galaxies: high-redshift, galaxies: evolution, quasars: supermassive black holes, infrared: galaxies},
     year = 2014,
    month = jun,
   volume = 566,
      eid = {A53},
    pages = {A53},
      doi = {10.1051/0004-6361/201323310},
   adsurl = {http://adsabs.harvard.edu/abs/2014A%26A...566A..53D},
  adsnote = {Provided by the SAO/NASA Astrophysics Data System}
}

@ARTICLE{wylezalek2013b,
   author = {{Wylezalek}, D. and {Vernet}, J. and {De Breuck}, C. and {Stern}, D. and 
  {Galametz}, A. and {Seymour}, N. and {Jarvis}, M. and {Barthel}, P. and 
  {Drouart}, G. and {Greve}, T.~R. and {Haas}, M. and {Hatch}, N. and 
  {Ivison}, R. and {Lehnert}, M. and {Meisenheimer}, K. and {Miley}, G. and 
  {Nesvadba}, N. and {R{\"o}ttgering}, H.~J.~A. and {Stevens}, J.~A.
  },
    title = "{The Herschel view of the environment of the radio galaxy  4C+41.17 at z = 3.8}",
  journal = {Monthly Notices of the Royal Astronomical Society},
archivePrefix = "arXiv",
   eprint = {1210.6361},
 keywords = {techniques: photometric, galaxies: clusters: general, galaxies: high-redshift, galaxies: individual: 4C+41.17},
     year = 2013,
    month = feb,
   volume = 428,
    pages = {3206-3219},
      doi = {10.1093/mnras/sts264},
   adsurl = {http://adsabs.harvard.edu/abs/2013MNRAS.428.3206W},
  adsnote = {Provided by the SAO/NASA Astrophysics Data System}
}

@BOOK{burke2014,
   author = {{Burke}, B.~F. and {Graham-Smith}, F.},
    title = "{An Introduction to Radio Astronomy}",
booktitle = {Infrared Astronomy},
publisher = {Cambridge University Press, Cambridge},
     year = 2014,
    month = feb,
   adsurl = {http://adsabs.harvard.edu/abs/2014ira..book.....B},
  adsnote = {Provided by the SAO/NASA Astrophysics Data System}
}

@BOOK{almatech2016,
   author = {{Asayama}, S. and {Biggs}, A. and {de Gregorio}, I. and {Dent}, W. and {Di Francesco}, J. and Fomalont {E.}, {Hales}, A and {Humphries}, E. and {Kameno}, S. and {M\:{u}ller}, E. and {Vila Vilaro}, B. and {Villard}, E. and {Stoehr}, F.},
    title = "{ALMA Technical Handbook}",
booktitle = {ALMA Technical Handbook},
publisher = {ALMA Partnership, Santiago},
     year = 2016,
    month = mar
}

@ARTICLE{blain1993,
   author = {{Blain}, A.~W. and {Longair}, M.~S.},
    title = "{Submillimetre Cosmology}",
  journal = {Monthly Notices of the Royal Astronomical Society},
     year = 1993,
    month = sep,
   volume = 264,
    pages = {509},
      doi = {10.1093/mnras/264.2.509},
   adsurl = {http://adsabs.harvard.edu/abs/1993MNRAS.264..509B},
  adsnote = {Provided by the SAO/NASA Astrophysics Data System}
}


@INPROCEEDINGS{casa,
   author = {{McMullin}, J.~P. and {Waters}, B. and {Schiebel}, D. and {Young}, W. and {Golap}, K.},
    title = "{CASA Architecture and Applications}",
booktitle = {Astronomical Data Analysis Software and Systems XVI},
     year = 2007,
   series = {Astronomical Society of the Pacific Conference Series},
   volume = 376,
   editor = {{Shaw}, R.~A. and {Hill}, F. and {Bell}, D.~J.},
    month = oct,
    pages = {127},
   adsurl = {http://adsabs.harvard.edu/abs/2007ASPC..376..127M},
  adsnote = {Provided by the SAO/NASA Astrophysics Data System}
}

@ARTICLE{almacal1_2016,
   author = {{Oteo}, I. and {Zwaan}, M.~A. and {Ivison}, R.~J. and {Smail}, I. and 
  {Biggs}, A.~D.},
    title = "{ALMACAL I: First Dual-band Number Counts from a Deep and Wide ALMA Submillimeter Survey, Free from Cosmic Variance}",
  journal = {The Astrophysical Journal},
archivePrefix = "arXiv",
   eprint = {1508.05099},
 keywords = {galaxies: evolution, galaxies: high-redshift, galaxies: starburst, submillimeter: galaxies, surveys},
     year = 2016,
    month = may,
   volume = 822,
      eid = {36},
    pages = {36},
      doi = {10.3847/0004-637X/822/1/36},
   adsurl = {http://adsabs.harvard.edu/abs/2016ApJ...822...36O},
  adsnote = {Provided by the SAO/NASA Astrophysics Data System}
}

@BOOK{kellerman1988,
   author = {{Kellermann}, K.~I. and {Verschuur}, G.~L.},
    title = "{Galactic and extragalactic radio astronomy (2nd edition)}",
 keywords = {Extragalactic Radio Sources, Galactic Radio Waves, Radio Astronomy, Continuous Radiation, Cosmology, Galactic Structure, H Ii Regions, Hydrogen, Interstellar Chemistry, Interstellar Masers, Interstellar Matter, Milky Way Galaxy, Molecular Clouds, Pulsars, Quasars, Relic Radiation, Star Formation, Supernova Remnants},
booktitle = {Galactic and Extragalactic Radio Astronomy},
publisher = {Springer-Verlag, Berlin},
     year = 1988,
   adsurl = {http://adsabs.harvard.edu/abs/1988gera.book.....K},
  adsnote = {Provided by the SAO/NASA Astrophysics Data System}
}


@ARTICLE{wiklind1986,
   author = {{Wiklind}, T. and {Rydbeck}, G.},
    title = "{Detection of CO (J = 1-0) in the dwarf elliptical galaxy NGC 185}",
  journal = {Astronomy \& Astrophysics},
 keywords = {Carbon Monoxide, Dwarf Galaxies, Elliptical Galaxies, Molecular Clouds, Molecular Spectra, Andromeda Galaxy, Hydrogen, Interstellar Matter, Star Formation},
     year = 1986,
    month = aug,
   volume = 164,
    pages = {L22-L24},
   adsurl = {http://adsabs.harvard.edu/abs/1986A%26A...164L..22W},
  adsnote = {Provided by the SAO/NASA Astrophysics Data System}
}


@ARTICLE{kennicutt1998,
   author = {{Kennicutt}, Jr., R.~C.},
    title = "{Star Formation in Galaxies Along the Hubble Sequence}",
  journal = {Annual Review of Astronomy \& Astrophysics},
   eprint = {astro-ph/9807187},
     year = 1998,
   volume = 36,
    pages = {189-232},
      doi = {10.1146/annurev.astro.36.1.189},
   adsurl = {http://adsabs.harvard.edu/abs/1998ARA%26A..36..189K},
  adsnote = {Provided by the SAO/NASA Astrophysics Data System}
}


@ARTICLE{wiklind1995,
   author = {{Wiklind}, T. and {Combes}, F. and {Henkel}, C.},
    title = "{The molecular cloud content of early-type galaxies. V. CO in elliptical galaxies.}",
  journal = {Astronomy \& Astrophysics},
 keywords = {GALAXIES: ELLIPTICAL AND LENTICULAR, CD, GALAXIES: ISM, RADIO LINES: GALAXIES, INFRARED GALAXIES},
     year = 1995,
    month = may,
   volume = 297,
    pages = {643},
   adsurl = {http://adsabs.harvard.edu/abs/1995A%26A...297..643W},
  adsnote = {Provided by the SAO/NASA Astrophysics Data System}
}

@ARTICLE{fanti1990,
   author = {{Fanti}, R. and {Fanti}, C. and {Schilizzi}, R.~T. and {Spencer}, R.~E. and 
  {Nan Rendong} and {Parma}, P. and {van Breugel}, W.~J.~M. and 
  {Venturi}, T.},
    title = "{On the nature of compact steep spectrum radio sources}",
  journal = {Astronomy \& Astrophysics},
 keywords = {Quasars, Radio Jets (Astronomy), Radio Sources (Astronomy), Radio Spectra, Cosmology, Very Large Array (Vla), Very Long Base Interferometry},
     year = 1990,
    month = may,
   volume = 231,
    pages = {333-346},
   adsurl = {http://adsabs.harvard.edu/abs/1990A%26A...231..333F},
  adsnote = {Provided by the SAO/NASA Astrophysics Data System}
}

@INPROCEEDINGS{fanti1994,
   author = {{Fanti}, C. and {Fanti}, R.},
    title = "{Compact Steep-Spectrum Radio Sources}",
booktitle = {The Physics of Active Galaxies},
     year = 1994,
   series = {Astronomical Society of the Pacific Conference Series},
   volume = 54,
   editor = {{Bicknell}, G.~V. and {Dopita}, M.~A. and {Quinn}, P.~J.},
    pages = {341},
   adsurl = {http://adsabs.harvard.edu/abs/1994ASPC...54..341F},
  adsnote = {Provided by the SAO/NASA Astrophysics Data System}
}

@ARTICLE{odea1991,
   author = {{O'Dea}, C.~P. and {Baum}, S.~A. and {Stanghellini}, C.},
    title = "{What are the gigahertz peaked-spectrum radio sources?}",
  journal = {The Astrophysical Journal},
 keywords = {Astronomical Polarimetry, Extragalactic Radio Sources, Quasars, Radio Spectra, Electron Density (Concentration), Luminosity, Polarization Characteristics},
     year = 1991,
    month = oct,
   volume = 380,
    pages = {66-77},
      doi = {10.1086/170562},
   adsurl = {http://adsabs.harvard.edu/abs/1991ApJ...380...66O},
  adsnote = {Provided by the SAO/NASA Astrophysics Data System}
}

@ARTICLE{leon2000,
   author = {{Leon}, S. and {Meylan}, G. and {Combes}, F.},
    title = "{Tidal tails around 20 Galactic globular clusters. Observational evidence for gravitational disk/bulge shocking}",
  journal = {Astronomy \& Astrophysics},
   eprint = {astro-ph/0006100},
 keywords = {TECHNIQUES: IMAGE PROCESSING, ISM: DUST, EXTINCTION, GALAXY: GLOBULAR CLUSTERS: GENERAL, GALAXY: STRUCTURE, COSMOLOGY: LARGE-SCALE STRUCTURE OF UNIVERSE},
     year = 2000,
    month = jul,
   volume = 359,
    pages = {907-931},
   adsurl = {http://adsabs.harvard.edu/abs/2000A%26A...359..907L},
  adsnote = {Provided by the SAO/NASA Astrophysics Data System}
}

@ARTICLE{paris2017,
   author = {{P{\^a}ris}, I. and {Petitjean}, P. and {Ross}, N.~P. and {Myers}, A.~D. and 
	{Aubourg}, {\'E}. and {Streblyanska}, A. and {Bailey}, S. and 
	{Armengaud}, {\'E}. and {Palanque-Delabrouille}, N. and {Y{\`e}che}, C. and 
	{Hamann}, F. and {Strauss}, M.~A. and {Albareti}, F.~D. and 
	{Bovy}, J. and {Bizyaev}, D. and {Niel Brandt}, W. and {Brusa}, M. and 
	{Buchner}, J. and {Comparat}, J. and {Croft}, R.~A.~C. and {Dwelly}, T. and 
	{Fan}, X. and {Font-Ribera}, A. and {Ge}, J. and {Georgakakis}, A. and 
	{Hall}, P.~B. and {Jiang}, L. and {Kinemuchi}, K. and {Malanushenko}, E. and 
	{Malanushenko}, V. and {McMahon}, R.~G. and {Menzel}, M.-L. and 
	{Merloni}, A. and {Nandra}, K. and {Noterdaeme}, P. and {Oravetz}, D. and 
	{Pan}, K. and {Pieri}, M.~M. and {Prada}, F. and {Salvato}, M. and 
	{Schlegel}, D.~J. and {Schneider}, D.~P. and {Simmons}, A. and 
	{Viel}, M. and {Weinberg}, D.~H. and {Zhu}, L.},
    title = "{The Sloan Digital Sky Survey Quasar Catalog: Twelfth data release}",
  journal = {Astronomy \& Astrophysics},
archivePrefix = "arXiv",
   eprint = {1608.06483},
 keywords = {catalogs, surveys, quasars: general},
     year = 2017,
    month = jan,
   volume = 597,
      eid = {A79},
    pages = {A79},
      doi = {10.1051/0004-6361/201527999},
   adsurl = {http://adsabs.harvard.edu/abs/2017A%26A...597A..79P},
  adsnote = {Provided by the SAO/NASA Astrophysics Data System}
}


% Command Typeset as  Full name of journal
% \aj AJ  The Astronomical Journal
% \apj  ApJ   The Astrophysical Journal
% \apjl ApJ   The Astrophysical Journal, Letters
% \apjlett  ApJ   The Astrophysical Journal, Letters
% \apjs ApJS  The Astrophysical Journal, Supplement
% \apjsupp  ApJS  The Astrophysical Journal, Supplement
% \aap  A&A   Astronomy & Astrophysics
% \astap  A&A   Astronomy & Astrophysics
% \araa ARA&A   Annual Review of Astronomy & Astrophysics
% \aapr A&A Rev.  Astronomy & Astrophysics Reviews
% \aaps A&AS  Astronomy & Astrophysics, Supplement
% \mnras  MNRAS   Monthly Notices of the Royal Astronomical Society
% \pasp PASP  Publications of the Astronomical Society of the Pacific
% \apss Ap&SS   Astrophysics & Space Science
% \pasj PASJ  Publications of the Astronomical Society of Japan
% \nat  Nature  Nature
% \sci  Science   Science
% \skytel S&T   Sky & Telescope
% \memras MmRAS   Memoirs of the Royal Astronomical Society
% \qjras  QJRAS   Quarterly Journal of the Royal Astronomical Society
% \jrasc  JRASC   Journal of the Royal Astronomical Society of Canada
% \baas BAAS  Bulletin of the American Astronomical Society
% \iauc IAU Circ.   IAU Circulars
% \iaucirc  IAU Circ.   IAU Circulars
% \aplett Astrophys. Lett.  Astrophysics Letters
% \apspr  Astrophys. Space Phys. Res.   Astrophysics Space Physics Research
% \bain Bull. Astron. Inst. Netherlands   Bulletin of the Astronomical Institutes of the Netherlands
% \fcp  Fund. Cosmic Phys.  Fundamental Cosmic Physics
% \aipconf  AIP Conf. Proc.   American Institute of Physics Conference Proceedings
% \aspconf  ASP Conf. Ser.  Astronomical Society of the Pacific Conference Series
% \asslconf Ap&SSL Conf. Ser.   Astrophysics & Space Science Library Conference Series
% \procspie Proc. SPIE  Proceedings of the International Society for Optical 
%     Engineering
% \maps MAPS  Meteoritics & Planetary Science
% \planss Planet. Space Sci.  Planetary Space Science
% \ssr  Space Sci. Rev.   Space Science Reviews
% \ao Appl. Opt.  Applied Optics
% \applopt  Appl. Opt.  Applied Optics
% \solphys  Sol. Phys.  Solar Physics
% \pra  Phys. Rev. A  Physical Review A: Atomic, Molecular, and Optical Physics
% \prb  Phys. Rev. B  Physical Review B: Condensed Matter and Materials Physics
% \prc  Phys. Rev. C  Physical Review C: Nuclear Physics
% \prd  Phys. Rev. D  Physical Review D: Particles, Fields, Gravitation and 
%     Cosmology
% \pre  Phys. Rev. E  Physical Review E: Statistical, Nonlinear, and Soft Matter 
%     Physics
% \prl  Phys. Rev. Lett.  Physical Review Letters
% \rmp  Rev. Mod. Phys.   Reviews of Modern Physics
